% Papers

@inproceedings{Nunkesser_Taxonomy_Apps,
  author    = {Nunkesser, Robin},
  booktitle = {2018 IEEE/ACM 5th International Conference on Mobile Software Engineering and Systems (MOBILESoft)},
  title     = {Beyond Web/Native/Hybrid: A New Taxonomy for Mobile App Development},
  year      = {2018},
  volume    = {},
  number    = {},
  pages     = {214-218},
  doi       = {}
}

@inproceedings{Heitkoetter_CrossPlatform_Comparison,
  title     = {Comparing cross-platform development approaches for mobile applications},
  author    = {Heitk{\"o}tter, Henning and Hanschke, Sebastian and Majchrzak, Tim A.},
  booktitle = {Proceedings of the 8th International Conference on Web Information Systems and Technologies - WEBIST},
  pages     = {299-311},
  year      = {2012},
  doi       = {10.5220/0003904502990311},
  isbn      = {978-989-8565-08-2},
  issn      = {2184-3252}
}

@article{Nawrocki_Comparison_Hybrid_Native_Frameworks,
  author    = {Nawrocki, Piotr and Wrona, Krzysztof and Marczak, Mateusz and Sniezynski, Bartlomiej},
  journal   = {Computer},
  title     = {A Comparison of Native and Cross-Platform Frameworks for Mobile Applications},
  year      = {2021},
  volume    = {54},
  number    = {3},
  pages     = {18-27},
  doi       = {10.1109/MC.2020.2983893},
  publisher = {IEEE}
}

@inproceedings{Que_Comparison_Hybrid_Native,
  author    = {Que, Peixin and Guo, Xiao and Zhu, Maokun},
  booktitle = {2016 8th International Conference on Computational Intelligence and Communication Networks (CICN)},
  title     = {A Comprehensive Comparison between Hybrid and Native App Paradigms},
  year      = {2016},
  volume    = {},
  number    = {},
  pages     = {611-614},
  doi       = {10.1109/CICN.2016.125}
}

@article{Singh_Cordova_vs_Native,
  author  = {Singh, Nitishkumar},
  title   = {An comparative analysis of Cordova Mobile Applications V/S Native Mobile Application},
  journal = {International Journal on Recent and Innovation Trends in Computing and Communication (IJRITCC)},
  volume  = {3},
  number  = {6},
  year    = {2015},
  pages   = {3777-3782}
}

@inproceedings{Willocx_CrossPlatform_Performance,
  author    = {Willocx, Michiel and Vossaert, Jan and Naessens, Vincent},
  booktitle = {2016 IEEE/ACM International Conference on Mobile Software Engineering and Systems (MOBILESoft)},
  title     = {Comparing Performance Parameters of Mobile App Development Strategies},
  year      = {2016},
  volume    = {},
  number    = {},
  pages     = {38-47},
  doi       = {10.1109/MobileSoft.2016.028}
}

@article{Rieger_CrossPlatform_EvaluationFramework,
  title     = {Towards the definitive evaluation framework for cross-platform app development approaches},
  author    = {Rieger, Christoph and Majchrzak, Tim A},
  journal   = {Journal of Systems and Software},
  volume    = {153},
  pages     = {175-199},
  year      = {2019},
  publisher = {Elsevier}
}

@article{Biorn-Hansen_PerformanceOverhead_CrossPlatform,
  author  = {Bi{\o}rn-Hansen, Andreas and Rieger, Christoph and Gr{\o}nli, Tor-Morten and Majchrzak, Tim A. and Ghinea, Gheorghita},
  title   = {An empirical investigation of performance overhead in cross-platform mobile development frameworks},
  journal = {Empirical Software Engineering},
  year    = {2020},
  month   = {July},
  day     = {01},
  volume  = {25},
  number  = {4},
  pages   = {2997-3040},
  issn    = {1573-7616},
  doi     = {10.1007/s10664-020-09827-6},
  url     = {https://doi.org/10.1007/s10664-020-09827-6}
}

@article{Sasidaran_Survey_NativeHybrid,
  title   = {Survey on native and hybrid mobile application},
  author  = {Sasidaran, Shruthi},
  journal = {International Journal of Advanced Research in Computer Engineering \& Technology (IJARCET)},
  volume  = {6},
  number  = {9},
  pages   = {1389-1393},
  year    = {2017},
  month   = {September}
}

@inproceedings{Pinto_Native_to_Cross_Platform,
  author    = {Pinto, Carlos Manso and Coutinho, Carlos},
  booktitle = {2018 International Conference on Intelligent Systems (IS)},
  title     = {From Native to Cross-platform Hybrid Development},
  year      = {2018},
  volume    = {},
  number    = {},
  pages     = {669-676},
  doi       = {10.1109/IS.2018.8710545}
}



% Websites

@misc{Manchanda_CrossPlatformFrameworks,
  author       = { Manchanda, Amit },
  title        = {Where Do Cross-Platform App Frameworks Stand in 2021?},
  howpublished = {\url{https://www.netsolutions.com/insights/cross-platform-app-frameworks-in-2019/}},
  year         = {2020},
  month        = {December},
  day          = {8},
  note         = {Date accessed: 01.08.2022}
}
 
@misc{mobile_market_share,
  title        = {Mobile Operating System Market Share Worldwide},
  howpublished = {\url{https://gs.statcounter.com/os-market-share/mobile/worldwide}},
  author       = {{StatCounter}},
  year         = {2022},
  month        = {June},
  note         = {Date accessed: 01.08.2022}
}

@misc{stack_overflow_survey_2022,
  url       = {https://survey.stackoverflow.co/2022/},
  publisher = {Stack Exchange, Inc.},
  year      = {2022},
  month     = {June},
  note      = {Date accessed: 01.08.2022}
} 

@misc{Statista_UsedCrossPlatformFrameworks,
  title        = {Cross-platform mobile frameworks used by global developers 2020 | Statista},
  howpublished = {\url{https://www.statista.com/statistics/869224/worldwide-software-developer-working-hours/}},
  author       = {{Statista Inc}},
  year         = {2020},
  month        = {June},
  note         = {Date accessed: 01.08.2022}
}